<collection xmlns="http://www.loc.gov/MARC21/slim">
<record>
  <leader>02391nam0a2200385 i 450 </leader>
  <controlfield tag="001">IT\ICCU\CNCE\035840</controlfield>
  <controlfield tag="005">20121218000000.0</controlfield>
  <datafield tag="012" ind1=" " ind2=" ">
    <subfield code="a">teue i-r- i-ci coqu (3) 1554 (A)</subfield>
    <subfield code="2">fei</subfield>
  </datafield>
  <datafield tag="100" ind1=" " ind2=" ">
    <subfield code="a">19980114d1554        0itac0103    ba</subfield>
  </datafield>
  <datafield tag="101" ind1=" " ind2=" ">
    <subfield code="a">ITA</subfield>
  </datafield>
  <datafield tag="102" ind1=" " ind2=" ">
    <subfield code="a">IT</subfield>
  </datafield>
  <datafield tag="200" ind1="1" ind2=" ">
    <subfield code="a">℗L℗antichita di Roma di m. Andrea Palladio. Racolta breuemente da gli auttori antichi, &amp; moderni. Nouamente posta in luce</subfield>
  </datafield>
  <datafield tag="210" ind1=" " ind2=" ">
    <subfield code="a">In Roma</subfield>
    <subfield code="c">appresso Vincenzo Lucrino</subfield>
    <subfield code="d">1554</subfield>
  </datafield>
  <datafield tag="215" ind1=" " ind2=" ">
    <subfield code="a">\4!, 32 c.</subfield>
    <subfield code="d">8ʻ</subfield>
  </datafield>
  <datafield tag="300" ind1=" " ind2=" ">
    <subfield code="a">Attribuita anche a Giovanni Tarcagnota; cfr.: M. Daly Davis, Andrea Palladio&apos;s L&apos;antichita di Roma of 1554. In: Pegasus, 9 (2007), p. 151-196; G. Tallini, Tra studio e bottega. Coordinate bio-bibliografiche per Giovanni Tarcagnota da Gaeta (1499-1566). In: Bibliologia, 6 (2011), p. 11-41</subfield>
  </datafield>
  <datafield tag="620" ind1=" " ind2=" ">
    <subfield code="a">IT</subfield>
    <subfield code="d">Roma</subfield>
  </datafield>
  <datafield tag="700" ind1=" " ind2="1">
    <subfield code="a">Palladio,</subfield>
    <subfield code="b">Andrea</subfield>
    <subfield code="3">IT\ICCU\CNCA\002163</subfield>
  </datafield>
  <datafield tag="702" ind1=" " ind2="1">
    <subfield code="a">Tarcagnota,</subfield>
    <subfield code="b">Giovanni</subfield>
    <subfield code="3">IT\ICCU\CNCA\001157</subfield>
  </datafield>
  <datafield tag="712" ind1="0" ind2="0">
    <subfield code="a">Luchino, Vincenzo</subfield>
    <subfield code="3">IT\ICCU\CNCT\000408</subfield>
    <subfield code="4">650</subfield>
  </datafield>
  <datafield tag="790" ind1=" " ind2="1">
    <subfield code="a">Paladius,</subfield>
    <subfield code="b">Andreas</subfield>
    <subfield code="3">IT\ICCU\CNCA\021945</subfield>
    <subfield code="z">Palladio, Andrea</subfield>
  </datafield>
  <datafield tag="791" ind1="0" ind2="0">
    <subfield code="a">Lucrinus, Vincentius</subfield>
    <subfield code="3">IT\ICCU\CNCT\002733</subfield>
    <subfield code="z">Luchino, Vincenzo</subfield>
  </datafield>
  <datafield tag="791" ind1="0" ind2="0">
    <subfield code="a">Lucchinus, Vincentius</subfield>
    <subfield code="3">IT\ICCU\CNCT\003946</subfield>
    <subfield code="z">Luchino, Vincenzo</subfield>
  </datafield>
  <datafield tag="791" ind1="0" ind2="0">
    <subfield code="a">Lucchino, Vincenzo</subfield>
    <subfield code="3">IT\ICCU\CNCT\004980</subfield>
    <subfield code="z">Luchino, Vincenzo</subfield>
  </datafield>
  <datafield tag="791" ind1="0" ind2="0">
    <subfield code="a">Lucrino, Vincenzo</subfield>
    <subfield code="3">IT\ICCU\CNCT\004981</subfield>
    <subfield code="z">Luchino, Vincenzo</subfield>
  </datafield>
  <datafield tag="791" ind1="0" ind2="0">
    <subfield code="a">Luchinus, Vincentius</subfield>
    <subfield code="3">IT\ICCU\CNCT\004982</subfield>
    <subfield code="z">Luchino, Vincenzo</subfield>
  </datafield>
  <datafield tag="801" ind1=" " ind2="3">
    <subfield code="a">IT</subfield>
    <subfield code="b">ICCU</subfield>
    <subfield code="c">20201114</subfield>
  </datafield>
  <datafield tag="899" ind1=" " ind2=" ">
    <subfield code="a">Biblioteca estera - University of California, Los Angeles Library. Los Angeles</subfield>
    <subfield code="1">AA0021</subfield>
  </datafield>
  <datafield tag="899" ind1=" " ind2=" ">
    <subfield code="a">Biblioteca S. Basilio del Seminario arcivescovile. Perugia</subfield>
    <subfield code="1">PG0146</subfield>
    <subfield code="2">UM1 45</subfield>
  </datafield>
  <datafield tag="899" ind1=" " ind2=" ">
    <subfield code="a">Biblioteca nazionale centrale. Roma</subfield>
    <subfield code="1">RM0267</subfield>
    <subfield code="2">BVE CR</subfield>
  </datafield>
  <datafield tag="899" ind1=" " ind2=" ">
    <subfield code="a">Biblioteca Angelica. Roma</subfield>
    <subfield code="1">RM0290</subfield>
    <subfield code="2">RML 06</subfield>
  </datafield>
  <datafield tag="899" ind1=" " ind2=" ">
    <subfield code="a">Biblioteca nazionale Marciana. Venezia</subfield>
    <subfield code="1">VE0049</subfield>
    <subfield code="2">VEA BM</subfield>
  </datafield>
  <datafield tag="899" ind1=" " ind2=" ">
    <subfield code="a">Biblioteche della Fondazione Giorgio Cini onlus. Venezia</subfield>
    <subfield code="1">VE0239</subfield>
    <subfield code="2">VEA FC</subfield>
  </datafield>
  <datafield tag="899" ind1=" " ind2=" ">
    <subfield code="a">Biblioteca del Centro internazionale di studi di architettura Andrea Palladio. Vicenza</subfield>
    <subfield code="1">VI0095</subfield>
    <subfield code="2">VIA AP</subfield>
  </datafield>
  <datafield tag="911" ind1=" " ind2=" ">
    <subfield code="a">Sul front.</subfield>
    <subfield code="9">IT\ICCU\CNCM\000121</subfield>
  </datafield>
  <datafield tag="921" ind1=" " ind2=" ">
    <subfield code="a">IT\ICCU\CNCM\000121</subfield>
    <subfield code="b">Serpente attorcigliato fra rami di palma e olivo che formano un ovale. In alto una colomba regge un anello gemmato. In basso da un tronco escono due serpenti.</subfield>
    <subfield code="e">Fortes fortuna adiuvat</subfield>
    <subfield code="c">Z1047</subfield>
    <subfield code="d">Dimensioni: 3,5 x 6</subfield>
    <subfield code="f">OLIVO</subfield>
    <subfield code="f">PALMA</subfield>
    <subfield code="f">RAMO</subfield>
    <subfield code="f">SERPENTE</subfield>
    <subfield code="g">1552-1575</subfield>
  </datafield>
</record>
</collection>
